% Encoding: UTF-8

@article{ben2017graph,
  title={Graph Based Over-Segmentation Methods for 3D Point Clouds},
  author={Ben-Shabat, Yizhak and Avraham, Tamar and Lindenbaum, Michael and Fischer, Anath},
  journal={arXiv preprint arXiv:1702.04114},
  year={2017}
}


@Comment{jabref-meta: databaseType:bibtex;}
